<?xml version="1.0" encoding="UTF-8"?><record xmlns="http://www.loc.gov/MARC21/slim" xmlns:cinclude="http://apache.org/cocoon/include/1.0" xmlns:zs="http://www.loc.gov/zing/srw/">
  <leader>00371nz  a2200121n  4500</leader>
  <controlfield tag="001">n  89639192 </controlfield>
  <controlfield tag="003">DLC</controlfield>
  <controlfield tag="005">19890713091628.3</controlfield>
  <controlfield tag="008">890713n| acannaab|          |n aad |||  </controlfield>
  <datafield tag="010" ind1=" " ind2=" ">
    <subfield code="a">n  89639192 </subfield>
  </datafield>
  <datafield tag="040" ind1=" " ind2=" ">
    <subfield code="a">DLC</subfield>
    <subfield code="c">DLC</subfield>
  </datafield>
  <datafield tag="100" ind1="1" ind2="0">
    <subfield code="a">Nagaratnam, R.</subfield>
  </datafield>
  <datafield tag="670" ind1=" " ind2=" ">
    <subfield code="a">nuc89-68350: India. Sohoni's the Code of Criminal ... 1984-</subfield>
    <subfield code="b">(hdg. on MiU-L rept.: Nagaratnam, R.; usage: R. Nagaratnam)</subfield>
  </datafield>
</record>